<marcxml:record xmlns:xlink="http://www.w3.org/1999/xlink" xmlns:marcxml="http://www.loc.gov/MARC21/slim" xmlns:mets="http://www.loc.gov/METS/" xmlns:mxe="http://www.loc.gov/mxe" xmlns:rdf="http://www.w3.org/1999/02/22-rdf-syntax-ns#" xmlns:rdfs="http://www.w3.org/2000/01/rdf-schema#" xmlns:skos="http://www.w3.org/2004/02/skos/core#" xmlns:madsrdf="http://www.loc.gov/mads/rdf/v1#" xmlns:ri="http://id.loc.gov/ontologies/RecordInfo#" xmlns:sem="http://marklogic.com/semantics">
  <marcxml:leader>00687cz  a2200205n  4500</marcxml:leader>
  <marcxml:controlfield tag="001">n78047528</marcxml:controlfield>
  <marcxml:controlfield tag="003">DLC</marcxml:controlfield>
  <marcxml:controlfield tag="005">20100512075300.0</marcxml:controlfield>
  <marcxml:controlfield tag="008">780808n| acannaabn          |a ana      </marcxml:controlfield>
  <marcxml:datafield tag="010" ind1=" " ind2=" ">
    <marcxml:subfield code="a">n  78047528 </marcxml:subfield>
  </marcxml:datafield>
  <marcxml:datafield tag="034" ind1=" " ind2=" ">
    <marcxml:subfield code="d">E0123900</marcxml:subfield>
    <marcxml:subfield code="e">E0123900</marcxml:subfield>
    <marcxml:subfield code="f">N0414400</marcxml:subfield>
    <marcxml:subfield code="g">N0414400</marcxml:subfield>
    <marcxml:subfield code="2">other</marcxml:subfield>
  </marcxml:datafield>
  <marcxml:datafield tag="035" ind1=" " ind2=" ">
    <marcxml:subfield code="a">(OCoLC)oca00183410</marcxml:subfield>
  </marcxml:datafield>
  <marcxml:datafield tag="040" ind1=" " ind2=" ">
    <marcxml:subfield code="a">DLC</marcxml:subfield>
    <marcxml:subfield code="b">eng</marcxml:subfield>
    <marcxml:subfield code="c">DLC</marcxml:subfield>
    <marcxml:subfield code="d">OCoLC</marcxml:subfield>
  </marcxml:datafield>
  <marcxml:datafield tag="043" ind1=" " ind2=" ">
    <marcxml:subfield code="a">e-it---</marcxml:subfield>
  </marcxml:datafield>
  <marcxml:datafield tag="151" ind1=" " ind2=" ">
    <marcxml:subfield code="a">Albano Laziale (Italy)</marcxml:subfield>
  </marcxml:datafield>
  <marcxml:datafield tag="451" ind1=" " ind2=" ">
    <marcxml:subfield code="a">Albano (Lazio, Italy)</marcxml:subfield>
  </marcxml:datafield>
  <marcxml:datafield tag="451" ind1=" " ind2=" ">
    <marcxml:subfield code="w">nnaa</marcxml:subfield>
    <marcxml:subfield code="a">Albano Laziale, Italy</marcxml:subfield>
  </marcxml:datafield>
  <marcxml:datafield tag="670" ind1=" " ind2=" ">
    <marcxml:subfield code="a">Cartografia romana (Geovid).</marcxml:subfield>
    <marcxml:subfield code="b">Albano Laziale, 1977 (subj.) map recto (Albano Laziale)</marcxml:subfield>
  </marcxml:datafield>
  <marcxml:datafield tag="670" ind1=" " ind2=" ">
    <marcxml:subfield code="a">BGN, 5/25/78</marcxml:subfield>
    <marcxml:subfield code="b">(Albano Laziale, ppl, 41°44ʹN 12°39ʹE: variant: Albano)</marcxml:subfield>
  </marcxml:datafield>
  <marcxml:datafield tag="781" ind1=" " ind2="0">
    <marcxml:subfield code="z">Italy</marcxml:subfield>
    <marcxml:subfield code="z">Albano Laziale</marcxml:subfield>
  </marcxml:datafield>
</marcxml:record>
